@article{Efron1979,
  author = "Efron, B.",
  journal = "The Annals of Statistics",
  number = "1",
  pages = "1--26",
  title = "Bootstrap Methods: Another Look at the Jackknife",
  volume = "7",
  year = "1979"
}
